@MISC{wiki:iterativ,
	author = "Wikipedia",
	title = "Iterative and incremental development --- Wikipedia{,} The Free Encyclopedia",
	year = "2013",
	howpublished = {\url{http://en.wikipedia.org/w/index.php?title=Iterative_and_incremental_development&oldid=532022769}},
	note = "[Online; accessed 20-January-2013]"
}

@MISC{systemcenter,
	author = {Microsoft},
	title = {System Center Management Pack for Windows},
	howpublished = {\url{http://www.microsoft.com/en-us/download/details.aspx?id=9296}},
	year = {2013},
	note = "[Online; accessed May-2013]"
}

@MISC{servers,
    author = {Woodstone bvba},
    title = {Servers Alive hjemmeside},
    howpublished = {\url{http://www.woodstone.nu/salive/}},
    year = {2013},
    note = "[Online; accessed January-2013]"
}

@MISC{itil1,
        author = {Teamquest},
        title = {ITIL Service Support},
        howpublished = {\url{http://www.teamquest.com/solutions/itil/service-support/}},
        year = {2013},
        note = "[Online; accessed May-2013]"
}

@MISC{ wiki:iterativ,
    author = {Wikipedia},
    title = "Iterative and incremental development --- Wikipedia{,} The Free Encyclopedia",
    year = "2013",
    howpublished = {\url{http://en.wikipedia.org/w/index.php?title=Iterative_and_incremental_development&oldid=532022769}},
    note = "[Online; accessed 20-January-2013]"
}

@MISC{itil2,
    author = {ITIL Foundations},
    title = "Capacity Management",
    year = "2013",
	howpublished = {\url{http://www.itilfoundations.com/processes/capacity-management/}},
    note = "[Online; accessed May-2013]"
}

@MISC{events,
	author = {Larry Dragich},
	year = "2013",
	howpublished = {\url{http://apmdigest.com/event-management-reactive-proactive-or-predictive}},
	note = "[Online; accessed March-2013]"
}

@MISC{wiki:networkmonitoring,
	author = {Wikipedia},
	title = "Comparison of network monitoring systems",
    year = "2013",
	howpublished = {\url{http://en.wikipedia.org/wiki/Comparison_of_network_monitoring_systems}},
	note = "[Online; accessed March-2013]"
}

@MISC{zenoss,
        author = {Zenoss, inc},
        title = "Zenoss Customers",
        year = "2013",
        howpublished = {\url{http://www.zenoss.com/customers/index}},
        note = "[Online; accessed January-2013]"
}

@MISC{zenpacks,
	author = {Zenoss, inc},
	title = "Zen Packs",
	year = "2013",
	howpublished = {\url{http://wiki.zenoss.org/Category:ZenPacks}},
	note = "[Online; accessed January-2013]"
}
@MISC{observium,
	author = {Observium},
	title = "Observium Main page",
	year = "2013",
	howpublished = {\url{http://www.observium.org/wiki/Main_Page}},
	note = "[Online; accessed January-2013]"
}

@MISC{zabbix,
	author = {Zabbix SIA},
	title = "Zabbix",
	year = "2013",
	howpublished = {\url{http://www.zabbix.com/index.php}},
	note = "[Online; accessed January-2013]"
}
@MISC{zabbixandnagios,
	author = {Khairul Aizat Kamarudzzaman & Norasnida Rusalan},
	title = "COMPARISON REPORT ON NETWORK MONITORING SYSTEMS",
	year = "2010",
	howpublished = {\url{http://knowledge.oscc.org.my/practice-areas/rnd/benchmark-report/comparison-report-on-network-monitoring-system/at_download/file}},
	note = "[Online; accessed February-2013]"
}

@MISC{wiki:nagios,
	author = {Wikipedia},
	title = "Nagios --- Wikipedia{,} The Free Encyclopedia",
	year = "2013",
	howpublished = {\url{http://en.wikipedia.org/wiki/Nagios}},
	note = "[Online; accessed January-2013]"
}

@MISC{monitoringsetup,
	author = {Eric Hansen},
	title = "The Monitoring Setup Part 1",
	year = "2012",
	howpublished = {\url{http://www.linux.org/article/view/the-monitoring-setup-part-1-installing-centreon-nagios-ndoutils}},
	note = "[Online; accessed] March-2013"
}

@MISC{opensourcewatch,
	author = {Rodney Gedda},
	title = "5 open source network management projects to watch",
	year = "2011",
	howpublished = {\url{http://www.cio.com.au/article/373428/5_open_source_network_management_projects_watch/}},
	note = "[Online; accessed January-2013]"
}

@MISC{sectools,
	author = {SecTools.org},
	title = "Top 125 Network Security Tools",
	year = "2013",
	howpublished = {\url{http://sectools.org/tag/traffic-monitors/}},
	note = "[Online; accessed January-2013]"
}

@MISC{nagioscommunity,
	author = {Nagios Enterprises},
	title = "Nagios Community",
	year = "2013",
	howpublished = {\url{http://nagios.org/about/community}},
	note = "[Online; accessed January-2013]"
}

@MISC{nagiosexchange,
	author = {Nagios Enterprises},
	title = "Nagios Exchange",
	year = "2013",
	howpublished = {\url{http://exchange.nagios.org}},
	note = "[Online; accessed January-2013]"
}

@MISC{monitoringexchange,
	author = {NETWAYS GmbH},
	title = "Monitoring Exchange",
	year = "2013",
	howpublished = {\url{https://www.monitoringexchange.org/}},
	note = "[Online; accessed February-2013]"
}

@MISC{icingaapi,
	author = {Icinga Development Team},
	title = "The Icinga-Web REST API",
	year = "2013",
	howpublished = {\url{http://docs.icinga.org/latest/en/icinga-web-api.html}},
	note = "[Online; accessed January-2013]"
}

@MISC{icingaarchitecture,
	author = {Icinga: Open Source Monitoring},
	title = "Icinga Architecture",
	year = "2013",
	howpublished = {\url{https://www.icinga.org/about/architecture/}},
	note = "[Online; accessed February-2013]"
}

@MISC{icingaweb,
	author = {Icinga: Open Source Monitoring},
	title = "Icinga´s New & Classic Web Interfaces",
	year = "2013",
	howpublished = {\url{https://www.icinga.org/about/icingaweb/}},
	note = "[Online; accessed January-2013]"
}

@MISC{nagiosvsicinga,
	author = {Tony Mobily},
	title = "Nagios Vs. Icinga: the real story of one of the most heated forks in free software",
	year = "2013",
	howpublished = {\url{http://www.freesoftwaremagazine.com/articles/nagios_and_icinga}},
	note = "[Online; accessed January-2013]"
}

@MISC{icinganagios,
	author = {Icinga: Open Source Monitoring},
	title = "Icinga vs. Nagios – What´s the difference?",
	year = "2013",
	howpublished = {\url{https://www.icinga.org/nagios/}},
	note = "[Online; accessed January-2013]"
}

@MISC{cernthesis,
	author = {C. Haen∗, E. Bonaccorsi, N. Neufeld},
	title = "DISTRIBUTED MONITORING SYSTEM BASED ON ICINGA",
	year = "2013",
	howpublished = {\url{http://accelconf.web.cern.ch/accelconf/icalepcs2011/papers/wepmu035.pdf}},
	note = "[Online; accessed March-2013]"
}

@MISC{wiki:returncode,
	author = {Wikipedia},
	title = "Exit status --- Wikipedia{,} The Free Encyclopedia",
	year = "2013",
	howpublished = {\url{http://en.wikipedia.org/wiki/Exit_code}},
	note = "[Online; accessed April-2013]"
}

@MISC{icingapluginapi,
	author = {Icinga Development Team},
	title = "Icinga Plugin API",
	year = "2013",
	howpublished = {\url{http://docs.icinga.org/1.8/en/pluginapi.html}},
	note = "[Online; accessed March-2013]"
}

@MISC{icingamacro,
	author = {Icinga Development Team},
	title = "Standard Macros in Icinga",
	year = "2013",
	howpublished = {\url{http://docs.icinga.org/latest/en/macrolist.html}},
	note = "[Online; accessed March-2013]"
}

@MISC{hostandservicedep,
	author = {Icinga Development Team},
	title = "Host and Service Dependencies",
	year = "2013",
	howpublished = {\url{http://docs.icinga.org/latest/en/dependencies.html}},
	note = "[Online; accessed February-2013]"
}

@MISC{icingaintegration,
	author = {Icinga Development Team},
	title = "Integration With Other Software",
	year = "2013",
	howpublished = {\url{http://docs.icinga.org/1.8/en/ch09.html}},
	note = "[Online; accessed] March-2013"
}

@MISC{icingaadditionalsoftware,
	author = {Icinga Development Team},
	title = "Additional software",
	year = "2013",
	howpublished = {\url{http://docs.icinga.org/1.8/en/ch10.html}},
	note = "[Online; accessed April-2013]"
}

@MISC{rfc3584,
	author = {The Internet Society},
	title = "RFC3584",
	year = "2003",
	howpublished = {\url{http://tools.ietf.org/html/rfc3584}},
	note = "[Online; accessed March-2013]"
}

@MISC{mssnmp,
	author = {Joe Davies},
	title = "Simple Network Management Protocol ",
	year = "2006",
	howpublished = {\url{http://technet.microsoft.com/en-us/library/bb726987.aspx}},
	note = "[Online; accessed April-2013]"
}

@MISC{netsnmp,
	author = {Net-SNMP},
	title = "Simple Network Management Protocol",
	year = "2013",
	howpublished = {\url{http://www.net-snmp.org/}},
	note = "[Online; accessed February-2013]"
}

@MISC{netbotz,
	author = {APC},
	title = "NetBotz 200",
	year = "2013",
	howpublished = {\url{http://www.apc.com/resource/include/techspec_index.cfm?base_sku=NBRK0201&tab=software}},
	note = "[Online; accessed March-2013]"
}

@MISC{icingainaction,
	author = {Icinga: Open Source Monitoring},
	title = "Icinga in action",
	year = "2013",
	howpublished = {\url{https://www.icinga.org/users/}},
	note = "[Online; accessed February-2013]"
}



@MISC{debmon,
	author = {Debian Monitoring Project},
	title = "Introduction",
	year = "2013",
	howpublished = {\url{http://debmon.org/}},
	note = "[Online; accessed March-2013]"
}

@MISC{sysadmin,
	author = {Standalone Sysadmin},
	title = "Nagios Configuration HOWTO",
	year = "2009",
	howpublished = {\url{http://www.standalone-sysadmin.com/blog/2009/07/nagios-config/}},
	note = "[Online; accessed February-2013]"
}


@MISC{nconf,
	author = {NConf},
	title = "NConf - Enterprise Nagios configurator",
	year = "2013",
	howpublished = {\url{http://www.nconf.org }},
	note = "[Online; accessed April-2013]"
}


@MISC{nagiosql,
	author = {NagiosQL},
	title = "Web based administration tool designed for Nagios",
	year = "2013",
	howpublished = {\url{http://www.nagiosql.org}},
	note = "[Online; accessed February-2013]"
}


@MISC{metricinga,
	author = {Jeff Goldschrafe},
	title = "Metricinga",
	year = "2013",
	howpublished = {\url{https://github.com/jgoldschrafe/metricinga }},
	note = "[Online; accessed March-2013]"
}


@MISC{nsclient,
	author = {NSClient++},
	title = "Version Overview of NSClient",
	year = "2013",
	howpublished = {\url{http://www.nsclient.org/nscp/downloads}},
	note = "[Online; accessed February-2013]"
}


@MISC{icingawin,
	author = {Icinga Development Team},
	title = "Monitoring Windows Machines",
	year = "2013",
	howpublished = {\url{http://docs.icinga.org/latest/en/monitoring-windows.html}},
	note = "[Online; accessed January-2013]"
}

@MISC{loadavg,
	author = {Ray Walker},
	title = "Examining Load Average",
	year = "2006",
	howpublished = {\url{http://www.linuxjournal.com/article/9001}},
	note = "[Online; accessed April-2013]"
}


@MISC{wiki:loadavg,
	author = {Wikipedia},
	title = "Load (computing) --- Wikipedia{,} The Free Encyclopedia",
	year = "2013",
	howpublished = {\url{http://en.wikipedia.org/wiki/Load_%28computing%29}},
	note = "[Online; accessed March-2013]"
}


@MISC{wiki:mem,
	author = {Wikipedia},
	title = "Paging Performance --- Wikipedia{,} The Free Encyclopedia",
	year = "2013",
	howpublished = {\url{http://en.wikipedia.org/wiki/Paging#Performance}},
	note = "[Online; accessed February-2013]"
}
%https://raw.github.com/jasonhancock/nagios-memory/master/plugins/check_mem



@MISC{serviceproblem,
	author = {Siolor},
	title = "Server 2003 port 3389 not listening after applying SP2",
	year = "2009",
	howpublished = {\url{http://www.petri.co.il/forums/showthread.php?t=41357}},
	note = "[Online; accessed April-2013]"
}


@MISC{ldap,
	author = {Wikipedia},
	title = "Lightweight Directory Access Protocol --- Wikipedia{,} The Free Encyclopedia",
	year = "2013",
	howpublished = {\url{http://en.wikipedia.org/wiki/Lightweight_Directory_Access_Protocol}},
	note = "[Online; accessed April-2013]"
}
